2566 4370
263 315 503 389 enemo
537 333 804 386 cursurus.
891 317 979 403 ‚313

80 421 110 506 'qi
123 406 343 502 verpiensrum
412 403 573 501 postulato
641 401 702 472 hae
756 400 900 486 ratione
932 397 988 470 siat
1052 390 1150 460 Anno

124 497 208 568 satis.
762 549 767 558 ,

86 539 115 583 υ
134 581 328 670 ,,8εἰ1ἱοὲῑ,
368 581 392 652 li
427 581 556 674 quando
588 580 807 652 malefadlores
828 576 924 667 aliqui
947 575 988 646 ad

88 675 203 762 „loca
228 673 316 744 sacra
342 678 375 742 &
405 674 602 743 immunitate
621 670 789 764 gaudentia
814 665 877 736 sese
901 689 986 735 rece-

90 767 235 857 „perint
260 803 273 842 ,
307 763 488 851 ibidemque
513 760 773 855 permanserint,
805 758 860 846 qui
872 757 990 914 ¹{navia

87 892 115 947 „
128 849 214 930 aded
253 852 502 946 perpetraverint
532 848 647 944 flagitia
685 891 698 929 ,
744 865 779 918 ut
815 849 872 937 jux
937 844 989 934 jus

88 935 283 1033 „scriptum
321 942 517 1010 immunitate
552 937 752 1020 ecelesiastici
776 961 834 1006 nec
856 937 991 1005 debeant

90 1053 190 1112 „nec
229 1023 349 1122 possint
372 1029 507 1123 gaudere
529 1055 543 1107 ς
563 1047 639 1099 tunc
658 1030 712 1117 qui
739 1028 904 1121 praefatam
934 1025 992 1098 Ci,

91 1115 265 1197 „vitarem
304 1141 365 1212 pro
399 1141 544 1208 tempore
572 1136 684 1211 regunt
710 1160 722 1197 ‚
753 1115 815 1184 loci
838 1116 990 1206 Lauer-

91 1247 118 1304 ³⁹
131 1230 260 1278 cnunu
305 1207 357 1276 vel
391 1207 457 1297 ejus
492 1206 693 1277 substitutum
729 1203 832 1276 statim
858 1225 990 1290 monere

89 1315 282 1392 „potemur
306 1337 319 1380 ,
354 1297 541 1386 requirentes
573 1296 707 1367 eundem
731 1336 744 1375 ‚
779 1313 816 1364 ut
839 1315 917 1362 curn
939 1293 992 1385 ip-

89 1384 169 1478 „srs
205 1387 250 1456 ad
287 1385 429 1466 lucum,
464 1386 506 1455 ad
544 1408 640 1476 quem
698 1383 817 1455 redies·
840 1381 990 1476 malefic»

90 1494 213 1569 „tores
251 1479 349 1545 confu
371 1493 499 1555 erunt,
534 1476 566 1544 se
601 1497 642 1546 co
678 1492 778 1550 eraut
816 1472 858 1560 ad
899 1469 990 1561 quod

92 1562 323 1654 „nominatus
378 1587 492 1633 ecanus
558 1581 663 1633 ratum
688 1562 749 1630 sese
774 1555 887 1652 offeret
912 1600 925 1639 ,
957 1566 991 1628 δε

93 1651 199 1746 „else
223 1653 349 1727 debebit
372 1678 383 1730 ς
405 1658 441 1722 &
464 1651 506 1718 ibi
547 1673 582 1718 m
601 1652 651 1733 ,ad
677 1648 865 1719 eorumdem
887 1650 993 1737 requi·

95 1779 123 1821 „
138 1743 288 1810 titionem
324 1738 526 1820 consentiet,
558 1759 596 1812 ut
623 1741 745 1834 praefati
773 1736 997 1808 malefactore

93 1855 170 1934 „ex
196 1828 289 1919 asylu
313 1829 544 1900 educantur&
569 1829 844 1924 apprehendantur
864 1867 876 1906 ,
899 1849 992 1914 etque
1055 1879 1057 1883 .

92 1937 365 2010 „incarcerantur
396 1918 512 2007 absque
535 1943 655 2013 magno
680 1917 809 2012 strepitu
829 1941 839 1993 ς
875 1921 908 1985 δι
929 1914 993 1984 hoc

97 2009 168 2087 „in
207 2009 345 2084 Carcere¹
376 2008 520 2080 Civitatis
556 2027 722 2099 tamquam
742 2005 900 2102 praedidlo
919 2006 995 2074 Do-

1057 499 1153 570 ¹5¹4·

96 2089 124 2176 ἐ,
134 2098 227 2175 mino
250 2093 438 2188 (officiali)
460 2099 501 2168 ad
523 2117 648 2192 tempus
672 2096 831 2169 concesso.
867 2094 992 2183 Absque
1081 2155 1083 2164 .

95 2183 181 2280 „eq
214 2186 305 2274 quod
345 2184 415 2278 ipsu
442 2186 731 2278 (malefadioribus
743 2191 757 2271 l
783 2186 815 2254 in
854 2207 992 2276 corpore

96 2273 192 2364 „vel
223 2277 254 2353 in
295 2267 446 2347 membris
480 2277 559 2342 mali
596 2276 714 2364 aliquid
735 2275 788 2343 vel
810 2274 923 2341 faciant
941 2267 996 2339 vel

97 2360 203 2444 „fieri
235 2365 451 2453 permittant3
481 2361 595 2468 absque
630 2387 671 2431 eo
707 2364 800 2432 etiam
826 2362 916 2450 quod
938 2359 995 2427 ali·

98 2492 125 2531 „
139 2451 229 2540 quod
247 2449 299 2540 jus
323 2470 379 2520 aut
399 2453 503 2520 forma
523 2474 600 2542 Juns
620 2451 731 2522 contri
756 2451 994 2546 ipsosexerqea-
1016 2533 1017 2538 ἵ

100 2560 192 2641 ,2tur
231 2557 285 2610 aut
313 2541 447 2610 exerceri
485 2543 685 2633 permittatur
719 2585 732 2624 ,
778 2549 812 2612 dc
852 2539 916 2610 hoe
936 2539 996 2608 sub

98 2669 125 2710 „
139 2652 239 2724 prena
270 2632 605 2707 excommunicationis
637 2635 671 2700 δι
693 2634 839 2721 cautione
860 2632 906 2699 ibi
933 2653 997 2720 po-

99 2717 240 2799 „nenda
272 2759 287 2799 ,
318 2719 426 2805 usque
466 2719 507 2786 ad
541 2737 669 2811 tempus
705 2744 773 2808 quo
805 2719 894 2809 apud
931 2717 999 2805 ejus

100 2799 320 2890 „officialem
356 2805 621 2888 Bruxellensem,
659 2827 715 2878 aut
743 2807 843 2876 alium
866 2805 1000 2898 abipso

102 2898 184 2976 „ad
219 2895 287 2974 hoc¹
307 2895 489 2966 auctoritate
513 2895 715 2988 preditum,
750 2897 917 2989 cognitum
945 2897 1000 2966 de-

101 2985 359 3080 „claratumque
393 2985 485 3056 fiterit
508 3028 538 3065 ,⁴
555 3008 594 3054 an
638 2989 761 3080 praefati
783 2987 1001 3060 malefactores

104 3073 275 3167 „praeside
318 3075 454 3166 gaudere
486 3074 621 3148 debeant
658 3078 858 3147 immunitate
897 3121 909 3160 ,
957 3102 999 3148 an

104 3201 134 3242 „
146 3185 250 3266 1¹09).
271 3167 305 3236 δι
333 3163 401 3240 haec
420 3164 531 3234 omnia
555 3168 733 3259 sumptibus
758 3168 919 3261 praediuae
939 3169 997 3240 ei-

103 3291 131 3333 „
142 3252 257 3336 vitans.

151 3338 293 3426 „QUOd
329 3338 616 3422 fideclararetur,
649 3343 739 3434 quod
757 3345 913 3439 gaudeant
936 3347 1001 3414 im·
1056 3324 1059 3328 ’
1182 3423 1187 3436 ι

104 3427 297 3530 „munitate
322 3471 335 3507 ,
364 3448 440 3502 tune
459 3432 577 3524 captivi
600 3431 649 3502 isli
673 3433 715 3501 ad
742 3435 884 3524 locum,
916 3433 1000 3510 unde

103 3515 249 3597 „edudb
273 3518 424 3598 s'uerint,
459 3521 632 3589 reducendi
662 3541 753 3608 erunt
778 3564 790 3601 ‚
819 3522 1000 3610 ibidemque

108 3606 334 3695 „relinquendi
367 3608 467 3678 liberi.
518 3610 623 3698 Qrod
659 3609 681 3679 sn
712 3611 903 3684 contrarium
944 3612 1001 3680 de-

106 3695 346 3791 mutaretur,
387 3721 428 3782 eq
454 3721 522 3792 nqu
541 3697 681 3773 obstante
705 3743 720 3783 ,
752 3699 897 3792 prediui
922 3723 1000 3805 cap:

810 3847 819 3865 .
845 3819 855 3863 ί
942 3809 1003 3866 llll
